% Sample
@book{BeispielBuch,
  title="Example",
  author="Autor",
  isbn="2873489827",
  series="",
  url="https://example.com",
  year="2019",
  publisher="Beispiel Verlag"
}

% Definitions
@misc{SMTP-Relay-Server,
	howpublished = "\url{https://de.wikipedia.org/wiki/SMTP-Relay-Server}",
	title="{SMTP-Relay-Server}",
	author = "Wikipedia",
	note = "Aufgerufen am 17.04.2019",
	year = "2018"
}

@misc{Honeypot,
	howpublished = "\url{https://www.duden.de/rechtschreibung/Honeypot}",
	title = "{Honeypot}",
	author = "Duden",
	note = "Aufgerufen am 17.04.2019"
}

@misc{VM,
	howpublished = "\url{https://de.wikipedia.org/wiki/Virtuelle_Maschine}",
	title = "{Virtuelle Maschine (VM)}",
	author = "Wikipedia",
	note = "Aufgerufen am 17.04.2019"
}

@misc{Blacklist,
	howpublished = "\url{https://www.xovi.de/wiki/Blacklist}",
	title = "{Blacklist}",
	author = "XOVI",
	note = "Aufgerufen am 17.04.2019"
}

@misc{Container,
	howpublished = "\url{https://de.wikipedia.org/wiki/Containervirtualisierung}",
	title = "{Container}",
	author = "Wikipedia",
	note = "Aufgerufen am 17.04.2019"
	year = "2018"
}
